<?xml version="1.0" encoding="UTF-8"?><collection xmlns="http://www.loc.gov/MARC21/slim"><record><leader>00362nam--2200133-i-4500</leader><controlfield tag="001">000008329</controlfield><controlfield tag="002">20161230</controlfield><controlfield tag="005">20161230201027</controlfield><controlfield tag="008">060222s1000------------r-----000-0-eng-d</controlfield><datafield ind1=" " ind2=" " tag="080"><subfield code="a">621.039.51</subfield></datafield><datafield ind1=" " ind2=" " tag="100"><subfield code="a">Case, Kenneth M. And Zweifel, Paul F</subfield></datafield><datafield ind1=" " ind2=" " tag="245"><subfield code="a">Linear transport theory</subfield></datafield><datafield ind1=" " ind2=" " tag="260"><subfield code="a">Reading/Mass.,Adison-wesley Publ.Co., 1967. Ix + 342 P</subfield></datafield><datafield ind1=" " ind2=" " tag="852"><subfield code="a">17826</subfield></datafield></record></collection>